@misc{cormen,
  author        = {Thomas Cormen & Devin Balkcom},
  title         = {Analysis of Quicksort},
  howpublished 	= "\url{https://www.khanacademy.org/computing/computer-science/algorithms/quick-sort/a/analysis-of-quicksort}",
  note 			= "Online; accessed 15-May-2016",
}

@book{kenneth2004,
  author    = {Kenneth A. Berman & Jerome L. Paul}, 
  title     = {Algorithms: Sequential, Parallel, and Distributed},
  publisher = {Course Technology},
  year      = 2004,
  volume    = 1,
  edition   = 1,
  month     = 7,
  isbn      = {978-0534420574}
}